
@article{ 1,
    author = "Lars Boeckmann et.al",
    
    title = "{\textbf{Cold Atmospheric Pressure Plasma in Wound Healing and Cancer Treatment}}",
    year = "2020",
    DOI = "https://doi.org/10.3390/app10196898",

}

@article{ 2,
    author = "Jonas Jørgensen et.al",
    
    title = "{\textbf{Is a Soft Robot More “Natural”? Exploring the Perception of Soft Robotics in Human–Robot Interaction}}",
    journal= "International Journal of Social Robotics",
    year = "2022",
    DOI = "https://link.springer.com/article/10.1007/s12369-021-00761-1",

}

@article{ 3,
    author = "Hamza K. Khattaka, Pablo Bianuccib, and Aaron D. Slepkov",
    
    title = "{\textbf{Linking plasma formation in grapes to microwaveresonances of aqueous dimers}}",
   
    DOI = "https://www.pnas.org/doi/epdf/10.1073/pnas.1818350116",

}

@article{ 4,
    author = "Hamza K. Khattaka, Pablo Bianuccib, and Aaron D. Slepkov",
    
    title = "{\textbf{Microwave induced mechanical activation of hydrogel dimers}}",
    publisher= "Royal Society of Chemistry",
   

}

@article{ SSGB,
    
    title = "{\textbf{Surface sterilization of grape berries by microwave-induced plasma (MIP) treatment}}",
    
    DOI = "https://www.sciencedirect.com/science/article/pii/S0924224416306626",

}
@article{ MIP,
    
    title = "{\textbf{Effects of microwave-induced plasma on grapevine growth and fruit quality}}",



}
@article{ 7,
   
    title = "{\textbf{Microwave-Driven Plasma-Mediated Methane Cracking: Product Carbon Characterization}}",
    author= "Randy Vander Wal, Arupananda Sengupta,Evan Musselman and George Skoptsov ",
    
    DOI = "https://doi.org/10.3390/c4040061",

}
@article{GDS,
     
    title = "{\textbf{Atmospheric Pressure Plasma Jet and Microwave Plasma in Grapevine Disease Control}}",

    DOI = "https://www.ncbi.nlm.nih.gov/pmc/articles/PMC64308783/",

}

@article{ PGTD,

    title = "{\textbf{Plasma treatment of grapevine cutting propagation materials to prevent grapevine trunk diseases}}",

    DOI = "https://www.sciencedirect.com/science/article/pii/S0926669016306544",

}

@article{ 10,
    author = "Schriver et al.",
    
    title = "{\textbf{Nonequilibrium plasmas}}",
    year= "1998",
   
    DOI = "https://www.sciencedirect.com/topics/earth-and-planetary-sciences/nonequilibrium-plasmas",

}
